@book{brandt2016handbook,
  title={Handbook of computational social choice},
  author={Brandt, Felix and Conitzer, Vincent and Endriss, Ulle and Lang, J{\'e}r{\^o}me and Procaccia, Ariel D},
  year={2016},
  publisher={Cambridge University Press}
}

@inproceedings{pascual2018collective,
  title={Collective schedules: Scheduling meets computational social choice},
  author={Pascual, Fanny and Rzadca, Krzysztof and Skowron, Piotr},
  booktitle={Proceedings of the 17th International Conference on Autonomous Agents and MultiAgent Systems},
  pages={667--675},
  year={2018},
  organization={International Foundation for Autonomous Agents and Multiagent Systems}
}

@article{bilo2016price,
  title={The price of envy-freeness in machine scheduling},
  author={Bil{\`o}, Vittorio and Fanelli, Angelo and Flammini, Michele and Monaco, Gianpiero and Moscardelli, Luca},
  journal={Theoretical Computer Science},
  volume={613},
  pages={65--78},
  year={2016},
  publisher={Elsevier}
}

@inproceedings{saule2009multi,
  title={Multi-users scheduling in parallel systems},
  author={Saule, {\'E}rik and Trystram, Denis},
  booktitle={2009 IEEE International Symposium on Parallel \& Distributed Processing},
  pages={1--9},
  year={2009},
  organization={IEEE}
}

@inproceedings{aziz2017algorithms,
  title={Algorithms for max-min share fair allocation of indivisible chores},
  author={Aziz, Haris and Rauchecker, Gerhard and Schryen, Guido and Walsh, Toby},
  booktitle={Thirty-First AAAI Conference on Artificial Intelligence},
  year={2017}
}

@article{bouveret2018chore,
  title={Chore division on a graph},
  author={Bouveret, Sylvain and Cechl{\'a}rov{\'a}, Katar{\'\i}na and Lesca, Julien},
  journal={arXiv preprint arXiv:1812.01856},
  year={2018}
}

@article{barman2018fair,
  title={Fair Division Under Cardinality Constraints},
  author={Barman, Siddharth and Biswas, Arpita},
  journal={arXiv preprint arXiv:1804.09521},
  year={2018}
}

@inproceedings{ferraioli2014regular,
  title={On regular and approximately fair allocations of indivisible goods},
  author={Ferraioli, Diodato and Gourv{\`e}s, Laurent and Monnot, J{\'e}r{\^o}me},
  booktitle={Proceedings of the 2014 international conference on Autonomous agents and multi-agent systems},
  pages={997--1004},
  year={2014},
  organization={International Foundation for Autonomous Agents and Multiagent Systems}
}

@article{darmann2016proportional,
  title={Proportional borda allocations},
  author={Darmann, Andreas and Klamler, Christian},
  journal={Social choice and welfare},
  volume={47},
  number={3},
  pages={543--558},
  year={2016},
  publisher={Springer}
}